@INPROCEEDINGS{Autoware,
    title={{Autoware on Board: Enabling Autonomous Vehicles with Embedded Systems}},
    author={Kato, Shinpei and Tokunaga, Shota and Maruyama, Yuya and Maeda, Seiya and Hirabayashi, Manato and Kitsukawa, Yuki and Monrroy, Abraham and Ando, Tomohito and Fujii, Yusuke and Azumi, Takuya},
    booktitle={2018 ACM/IEEE 9th International Conference on Cyber-Physical Systems (ICCPS)},
    year={2018},
    pages={287-296},
    doi={10.1109/ICCPS.2018.00035}
}

@MISC{AutowareStack,
    title={{Autoware Stack}},
    author={Autoware Foundation},
    year={2023},
    url={https://github.com/autowarefoundation/autoware}
}

@MISC{AutowareCore,
    title={{Autoware Core}},
    author={Autoware Foundation},
    year={2023},
    url={https://github.com/autowarefoundation/autoware.core}
}

@MISC{AutowareUniverse,
    title={{Autoware Universe}},
    author={Autoware Foundation},
    year={2023},
    url={https://github.com/autowarefoundation/autoware.universe}
}

@ARTICLE{AutoDRIVEEcosystem,
    title={{AutoDRIVE: A Comprehensive, Flexible and Integrated Digital Twin Ecosystem for Autonomous Driving Research \& Education}},
    author={Samak, Tanmay and Samak, Chinmay and Kandhasamy, Sivanathan and Krovi, Venkat and Xie, Ming},
    volume={12},
    ISSN={2218-6581},
    number={3},
    journal={Robotics},
    publisher={MDPI AG},
    year={2023},
    month={May},
    pages={77},
    DOI={10.3390/robotics12030077},
    url={http://dx.doi.org/10.3390/robotics12030077}
}

@MISC{AutoDRIVEReport,
    title={{AutoDRIVE - Technical Report}}, 
    author={Tanmay Vilas Samak and Chinmay Vilas Samak},
    year={2022},
    eprint={2211.08475},
    archivePrefix={arXiv},
    primaryClass={cs.RO},
    doi={10.48550/arXiv.2211.08475},
    url={https://doi.org/10.48550/arXiv.2211.08475}
}

@INPROCEEDINGS{AutoDRIVESimulator,
    title = {{AutoDRIVE Simulator: A Simulator for Scaled Autonomous Vehicle Research and Education}},
    author = {Samak, Tanmay Vilas and Samak, Chinmay Vilas and Xie, Ming},
    year = {2021},
    isbn = {9781450390453},
    publisher = {Association for Computing Machinery},
    address = {New York, NY, USA},
    booktitle = {2021 2nd International Conference on Control, Robotics and Intelligent System},
    pages = {1â€“5},
    numpages = {5},
    keywords = {simulation, research tools, mobile robotics, educational technology, Autonomous driving},
    location = {Qingdao, China},
    series = {CCRIS'21},
    doi = {10.1145/3483845.3483846},
    url = {https://doi.org/10.1145/3483845.3483846}
}

@MISC{AutoDRIVESimulatorReport,
    title={{AutoDRIVE Simulator - Technical Report}},
    author={Samak, Tanmay Vilas and Samak, Chinmay Vilas},
    keywords={Robotics (cs.RO), FOS: Computer and information sciences, FOS: Computer and information sciences},
    publisher={arXiv},
    year={2022},
    copyright={arXiv.org perpetual, non-exclusive license},
    doi={10.48550/arXiv.2211.07022},
    url={https://doi.org/10.48550/arXiv.2211.07022}
}

@INPROCEEDINGS{Nigel,
    title={{Towards Mechatronics Approach of System Design, Verification and Validation for Autonomous Vehicles}},
    author={Samak, Chinmay and Samak, Tanmay and Krovi, Venkat},
    booktitle={2023 IEEE/ASME International Conference on Advanced Intelligent Mechatronics (AIM)},
    year={2023},
    volume={},
    number={},
    pages={1208-1213},
    doi={10.1109/AIM46323.2023.10196233},
    url={https://doi.org/10.1109/AIM46323.2023.10196233}
}

@MISC{F1TENTH,
    title={{F1/10: An Open-Source Autonomous Cyber-Physical Platform}}, 
    author={Matthew O'Kelly and Varundev Sukhil and Houssam Abbas and Jack Harkins and Chris Kao and Yash Vardhan Pant and Rahul Mangharam and Dipshil Agarwal and Madhur Behl and Paolo Burgio and Marko Bertogna},
    year={2019},
    eprint={1901.08567},
    archivePrefix={arXiv},
    primaryClass={cs.RO},
    url={https://arxiv.org/abs/1901.08567}
}

@MISC{HunterSE,
    title={{Hunter SE}},
    author={AgileX Robotics},
    year={2023},
    url={https://global.agilex.ai/chassis/9}
}

@MISC{OpenCAV,
    title={{OpenCAV: Open Connected and Automated Vehicle}},
    author={ARMLab, CU-ICAR},
    year={2023},
    url={https://sites.google.com/view/opencav/}
}

@misc{Real2Sim2Real,
    title={{Towards Sim2Real Transfer of Autonomy Algorithms using AutoDRIVE Ecosystem}}, 
    author={Chinmay Vilas Samak and Tanmay Vilas Samak and Venkat Krovi},
    year={2023},
    eprint={2307.13272},
    archivePrefix={arXiv},
    primaryClass={cs.RO},
    doi={10.48550/arXiv.2307.13272},
    url={https://doi.org/10.48550/arXiv.2307.13272}
}

@MISC{AutowareOverview,
    title={{Autoware Overview - Operational Design Domains and Use Cases}},
    author={Autoware Foundation},
    year={2023},
    url={https://autoware.org/autoware-overview/}
}

@MISC{IAC,
    title={{Indy Autonomous Challenge}},
    author={Indy Autonomous Challenge},
    year={2023},
    url={https://www.indyautonomouschallenge.com/}
}

@MISC{RoadRunner,
    title={{RoadRunner}},
    author={{Mathworks Inc.}},
    year={2021},
    url={https://www.mathworks.com/products/roadrunner.html}
}

@MISC{OpenSCENARIO,
    title={{OpenSCENARIO}},
    author={{Association for Standardization of Automation and Measuring Systems (ASAM)}},
    year={2021},
    url={https://www.asam.net/standards/detail/openscenario}
}

@MISC{OpenDRIVE,
    title={{OpenDRIVE}},
    author={{Association for Standardization of Automation and Measuring Systems (ASAM)}},
    year={2021},
    url={https://www.asam.net/standards/detail/opendrive}
}

@MISC{Unity,
    title={{Unity}},
    author={{Unity Technologies}},
    year={2021},
    url={https://unity.com}
}

@MISC{UnityTerrain,
    title={{Unity Terrain}},
    author={{Unity Technologies}},
    year={2021},
    url={https://docs.unity3d.com/Manual/script-Terrain.html}
}

@INPROCEEDINGS{ROS1,
    title={{ROS: an open-source Robot Operating System}},
    author={Quigley, Morgan and Conley, Ken and Gerkey, Brian and Faust, Josh and Foote, Tully and Leibs, Jeremy and Wheeler, Rob and Ng, Andrew},
    booktitle={ICRA 2009 Workshop on Open Source Software},
    year={2009},
    month={Jan},
    volume={3},
    pages={},
    url={http://robotics.stanford.edu/~ang/papers/icraoss09-ROS.pdf}
}

@ARTICLE{ROS2,
    title = {{Robot Operating System 2: Design, architecture, and uses in the wild}},
    author = {Steven Macenski and Tully Foote and Brian Gerkey and Chris Lalancette and William Woodall },
    journal = {Science Robotics},
    volume = {7},
    number = {66},
    pages = {eabm6074},
    year = {2022},
    doi = {10.1126/scirobotics.abm6074},
    URL = {https://www.science.org/doi/abs/10.1126/scirobotics.abm6074},
    eprint = {https://www.science.org/doi/pdf/10.1126/scirobotics.abm6074},
}